%YAML 1.1
%TAG !u! tag:unity3d.com,2011:
--- !u!1 &5194519262535165717
GameObject:
  m_ObjectHideFlags: 0
  m_CorrespondingSourceObject: {fileID: 0}
  m_PrefabInstance: {fileID: 0}
  m_PrefabAsset: {fileID: 0}
  serializedVersion: 6
  m_Component:
  - component: {fileID: 5194519262535165716}
  m_Layer: 0
  m_Name: Puente madera
  m_TagString: Untagged
  m_Icon: {fileID: 0}
  m_NavMeshLayer: 0
  m_StaticEditorFlags: 0
  m_IsActive: 1
--- !u!4 &5194519262535165716
Transform:
  m_ObjectHideFlags: 0
  m_CorrespondingSourceObject: {fileID: 0}
  m_PrefabInstance: {fileID: 0}
  m_PrefabAsset: {fileID: 0}
  m_GameObject: {fileID: 5194519262535165717}
  m_LocalRotation: {x: 0, y: 0, z: 0, w: 1}
  m_LocalPosition: {x: 1.052, y: 0.926, z: 8.144}
  m_LocalScale: {x: 1, y: 1, z: 1}
  m_Children:
  - {fileID: 5736489447771631755}
  - {fileID: 5736489447936458433}
  - {fileID: 5736489446058719957}
  - {fileID: 5736489447707249177}
  - {fileID: 5736489446926325193}
  - {fileID: 5736489446131755879}
  - {fileID: 5736489446260548253}
  - {fileID: 5736489446355581395}
  - {fileID: 5736489446262677371}
  - {fileID: 5736489447161606404}
  - {fileID: 5736489447302743229}
  m_Father: {fileID: 0}
  m_RootOrder: 0
  m_LocalEulerAnglesHint: {x: 0, y: 0, z: 0}
--- !u!1001 &5194519261031831850
PrefabInstance:
  m_ObjectHideFlags: 0
  serializedVersion: 2
  m_Modification:
    m_TransformParent: {fileID: 5194519262535165716}
    m_Modifications:
    - target: {fileID: -8679921383154817045, guid: deed7bec0ed1a6343b7d9f338560ca04,
        type: 3}
      propertyPath: m_LocalPosition.x
      value: 0
      objectReference: {fileID: 0}
    - target: {fileID: -8679921383154817045, guid: deed7bec0ed1a6343b7d9f338560ca04,
        type: 3}
      propertyPath: m_LocalPosition.y
      value: -0.015999973
      objectReference: {fileID: 0}
    - target: {fileID: -8679921383154817045, guid: deed7bec0ed1a6343b7d9f338560ca04,
        type: 3}
      propertyPath: m_LocalPosition.z
      value: 0
      objectReference: {fileID: 0}
    - target: {fileID: -8679921383154817045, guid: deed7bec0ed1a6343b7d9f338560ca04,
        type: 3}
      propertyPath: m_LocalRotation.x
      value: -0.48271462
      objectReference: {fileID: 0}
    - target: {fileID: -8679921383154817045, guid: deed7bec0ed1a6343b7d9f338560ca04,
        type: 3}
      propertyPath: m_LocalRotation.y
      value: -0.51670754
      objectReference: {fileID: 0}
    - target: {fileID: -8679921383154817045, guid: deed7bec0ed1a6343b7d9f338560ca04,
        type: 3}
      propertyPath: m_LocalRotation.z
      value: -0.5167075
      objectReference: {fileID: 0}
    - target: {fileID: -8679921383154817045, guid: deed7bec0ed1a6343b7d9f338560ca04,
        type: 3}
      propertyPath: m_LocalRotation.w
      value: 0.48271465
      objectReference: {fileID: 0}
    - target: {fileID: -8679921383154817045, guid: deed7bec0ed1a6343b7d9f338560ca04,
        type: 3}
      propertyPath: m_RootOrder
      value: 1
      objectReference: {fileID: 0}
    - target: {fileID: -8679921383154817045, guid: deed7bec0ed1a6343b7d9f338560ca04,
        type: 3}
      propertyPath: m_LocalEulerAnglesHint.x
      value: -90.00001
      objectReference: {fileID: 0}
    - target: {fileID: -8679921383154817045, guid: deed7bec0ed1a6343b7d9f338560ca04,
        type: 3}
      propertyPath: m_LocalEulerAnglesHint.y
      value: 0
      objectReference: {fileID: 0}
    - target: {fileID: -8679921383154817045, guid: deed7bec0ed1a6343b7d9f338560ca04,
        type: 3}
      propertyPath: m_LocalEulerAnglesHint.z
      value: -93.896
      objectReference: {fileID: 0}
    - target: {fileID: -8679921383154817045, guid: deed7bec0ed1a6343b7d9f338560ca04,
        type: 3}
      propertyPath: m_LocalScale.x
      value: 2.1007998
      objectReference: {fileID: 0}
    - target: {fileID: -8679921383154817045, guid: deed7bec0ed1a6343b7d9f338560ca04,
        type: 3}
      propertyPath: m_LocalScale.y
      value: 1.1929301
      objectReference: {fileID: 0}
    - target: {fileID: 919132149155446097, guid: deed7bec0ed1a6343b7d9f338560ca04,
        type: 3}
      propertyPath: m_Name
      value: Wood_Plank_01 (2)
      objectReference: {fileID: 0}
    m_RemovedComponents: []
  m_SourcePrefab: {fileID: 100100000, guid: deed7bec0ed1a6343b7d9f338560ca04, type: 3}
--- !u!4 &5736489447936458433 stripped
Transform:
  m_CorrespondingSourceObject: {fileID: -8679921383154817045, guid: deed7bec0ed1a6343b7d9f338560ca04,
    type: 3}
  m_PrefabInstance: {fileID: 5194519261031831850}
  m_PrefabAsset: {fileID: 0}
--- !u!1001 &5194519261196392288
PrefabInstance:
  m_ObjectHideFlags: 0
  serializedVersion: 2
  m_Modification:
    m_TransformParent: {fileID: 5194519262535165716}
    m_Modifications:
    - target: {fileID: -8679921383154817045, guid: deed7bec0ed1a6343b7d9f338560ca04,
        type: 3}
      propertyPath: m_LocalPosition.x
      value: -0.47000003
      objectReference: {fileID: 0}
    - target: {fileID: -8679921383154817045, guid: deed7bec0ed1a6343b7d9f338560ca04,
        type: 3}
      propertyPath: m_LocalPosition.y
      value: -0.015999973
      objectReference: {fileID: 0}
    - target: {fileID: -8679921383154817045, guid: deed7bec0ed1a6343b7d9f338560ca04,
        type: 3}
      propertyPath: m_LocalPosition.z
      value: -0.0069999695
      objectReference: {fileID: 0}
    - target: {fileID: -8679921383154817045, guid: deed7bec0ed1a6343b7d9f338560ca04,
        type: 3}
      propertyPath: m_LocalRotation.x
      value: -0.49591076
      objectReference: {fileID: 0}
    - target: {fileID: -8679921383154817045, guid: deed7bec0ed1a6343b7d9f338560ca04,
        type: 3}
      propertyPath: m_LocalRotation.y
      value: -0.50405616
      objectReference: {fileID: 0}
    - target: {fileID: -8679921383154817045, guid: deed7bec0ed1a6343b7d9f338560ca04,
        type: 3}
      propertyPath: m_LocalRotation.z
      value: -0.5040561
      objectReference: {fileID: 0}
    - target: {fileID: -8679921383154817045, guid: deed7bec0ed1a6343b7d9f338560ca04,
        type: 3}
      propertyPath: m_LocalRotation.w
      value: 0.49591073
      objectReference: {fileID: 0}
    - target: {fileID: -8679921383154817045, guid: deed7bec0ed1a6343b7d9f338560ca04,
        type: 3}
      propertyPath: m_RootOrder
      value: 0
      objectReference: {fileID: 0}
    - target: {fileID: -8679921383154817045, guid: deed7bec0ed1a6343b7d9f338560ca04,
        type: 3}
      propertyPath: m_LocalEulerAnglesHint.x
      value: -90.00001
      objectReference: {fileID: 0}
    - target: {fileID: -8679921383154817045, guid: deed7bec0ed1a6343b7d9f338560ca04,
        type: 3}
      propertyPath: m_LocalEulerAnglesHint.y
      value: 0
      objectReference: {fileID: 0}
    - target: {fileID: -8679921383154817045, guid: deed7bec0ed1a6343b7d9f338560ca04,
        type: 3}
      propertyPath: m_LocalEulerAnglesHint.z
      value: -90.93301
      objectReference: {fileID: 0}
    - target: {fileID: -8679921383154817045, guid: deed7bec0ed1a6343b7d9f338560ca04,
        type: 3}
      propertyPath: m_LocalScale.x
      value: 2.1007998
      objectReference: {fileID: 0}
    - target: {fileID: -8679921383154817045, guid: deed7bec0ed1a6343b7d9f338560ca04,
        type: 3}
      propertyPath: m_LocalScale.y
      value: 1.1929303
      objectReference: {fileID: 0}
    - target: {fileID: 919132149155446097, guid: deed7bec0ed1a6343b7d9f338560ca04,
        type: 3}
      propertyPath: m_Name
      value: Wood_Plank_01 (1)
      objectReference: {fileID: 0}
    m_RemovedComponents: []
  m_SourcePrefab: {fileID: 100100000, guid: deed7bec0ed1a6343b7d9f338560ca04, type: 3}
--- !u!4 &5736489447771631755 stripped
Transform:
  m_CorrespondingSourceObject: {fileID: -8679921383154817045, guid: deed7bec0ed1a6343b7d9f338560ca04,
    type: 3}
  m_PrefabInstance: {fileID: 5194519261196392288}
  m_PrefabAsset: {fileID: 0}
--- !u!1001 &5194519261269421554
PrefabInstance:
  m_ObjectHideFlags: 0
  serializedVersion: 2
  m_Modification:
    m_TransformParent: {fileID: 5194519262535165716}
    m_Modifications:
    - target: {fileID: -8679921383154817045, guid: 5132338c6f41bc548a67f450aa4d0c56,
        type: 3}
      propertyPath: m_LocalPosition.x
      value: 0.06699991
      objectReference: {fileID: 0}
    - target: {fileID: -8679921383154817045, guid: 5132338c6f41bc548a67f450aa4d0c56,
        type: 3}
      propertyPath: m_LocalPosition.y
      value: 0.032999992
      objectReference: {fileID: 0}
    - target: {fileID: -8679921383154817045, guid: 5132338c6f41bc548a67f450aa4d0c56,
        type: 3}
      propertyPath: m_LocalPosition.z
      value: -0.05300045
      objectReference: {fileID: 0}
    - target: {fileID: -8679921383154817045, guid: 5132338c6f41bc548a67f450aa4d0c56,
        type: 3}
      propertyPath: m_LocalRotation.x
      value: -0.70155454
      objectReference: {fileID: 0}
    - target: {fileID: -8679921383154817045, guid: 5132338c6f41bc548a67f450aa4d0c56,
        type: 3}
      propertyPath: m_LocalRotation.y
      value: 0.088436574
      objectReference: {fileID: 0}
    - target: {fileID: -8679921383154817045, guid: 5132338c6f41bc548a67f450aa4d0c56,
        type: 3}
      propertyPath: m_LocalRotation.z
      value: 0.088436574
      objectReference: {fileID: 0}
    - target: {fileID: -8679921383154817045, guid: 5132338c6f41bc548a67f450aa4d0c56,
        type: 3}
      propertyPath: m_LocalRotation.w
      value: 0.7015549
      objectReference: {fileID: 0}
    - target: {fileID: -8679921383154817045, guid: 5132338c6f41bc548a67f450aa4d0c56,
        type: 3}
      propertyPath: m_RootOrder
      value: 3
      objectReference: {fileID: 0}
    - target: {fileID: -8679921383154817045, guid: 5132338c6f41bc548a67f450aa4d0c56,
        type: 3}
      propertyPath: m_LocalEulerAnglesHint.x
      value: -90.00001
      objectReference: {fileID: 0}
    - target: {fileID: -8679921383154817045, guid: 5132338c6f41bc548a67f450aa4d0c56,
        type: 3}
      propertyPath: m_LocalEulerAnglesHint.y
      value: 0
      objectReference: {fileID: 0}
    - target: {fileID: -8679921383154817045, guid: 5132338c6f41bc548a67f450aa4d0c56,
        type: 3}
      propertyPath: m_LocalEulerAnglesHint.z
      value: 14.369
      objectReference: {fileID: 0}
    - target: {fileID: -8679921383154817045, guid: 5132338c6f41bc548a67f450aa4d0c56,
        type: 3}
      propertyPath: m_LocalScale.x
      value: 0.81586003
      objectReference: {fileID: 0}
    - target: {fileID: -8679921383154817045, guid: 5132338c6f41bc548a67f450aa4d0c56,
        type: 3}
      propertyPath: m_LocalScale.y
      value: 0.81586003
      objectReference: {fileID: 0}
    - target: {fileID: -8679921383154817045, guid: 5132338c6f41bc548a67f450aa4d0c56,
        type: 3}
      propertyPath: m_LocalScale.z
      value: 0.81586003
      objectReference: {fileID: 0}
    - target: {fileID: 919132149155446097, guid: 5132338c6f41bc548a67f450aa4d0c56,
        type: 3}
      propertyPath: m_Name
      value: Wood_Plank_02 (2)
      objectReference: {fileID: 0}
    m_RemovedComponents: []
  m_SourcePrefab: {fileID: 100100000, guid: 5132338c6f41bc548a67f450aa4d0c56, type: 3}
--- !u!4 &5736489447707249177 stripped
Transform:
  m_CorrespondingSourceObject: {fileID: -8679921383154817045, guid: 5132338c6f41bc548a67f450aa4d0c56,
    type: 3}
  m_PrefabInstance: {fileID: 5194519261269421554}
  m_PrefabAsset: {fileID: 0}
--- !u!1001 &5194519261673726806
PrefabInstance:
  m_ObjectHideFlags: 0
  serializedVersion: 2
  m_Modification:
    m_TransformParent: {fileID: 5194519262535165716}
    m_Modifications:
    - target: {fileID: -8679921383154817045, guid: 5132338c6f41bc548a67f450aa4d0c56,
        type: 3}
      propertyPath: m_LocalPosition.x
      value: 0.11399996
      objectReference: {fileID: 0}
    - target: {fileID: -8679921383154817045, guid: 5132338c6f41bc548a67f450aa4d0c56,
        type: 3}
      propertyPath: m_LocalPosition.y
      value: 0.032999992
      objectReference: {fileID: 0}
    - target: {fileID: -8679921383154817045, guid: 5132338c6f41bc548a67f450aa4d0c56,
        type: 3}
      propertyPath: m_LocalPosition.z
      value: -2.395
      objectReference: {fileID: 0}
    - target: {fileID: -8679921383154817045, guid: 5132338c6f41bc548a67f450aa4d0c56,
        type: 3}
      propertyPath: m_LocalRotation.x
      value: -0.7012346
      objectReference: {fileID: 0}
    - target: {fileID: -8679921383154817045, guid: 5132338c6f41bc548a67f450aa4d0c56,
        type: 3}
      propertyPath: m_LocalRotation.y
      value: -0.09094019
      objectReference: {fileID: 0}
    - target: {fileID: -8679921383154817045, guid: 5132338c6f41bc548a67f450aa4d0c56,
        type: 3}
      propertyPath: m_LocalRotation.z
      value: -0.09094017
      objectReference: {fileID: 0}
    - target: {fileID: -8679921383154817045, guid: 5132338c6f41bc548a67f450aa4d0c56,
        type: 3}
      propertyPath: m_LocalRotation.w
      value: 0.7012345
      objectReference: {fileID: 0}
    - target: {fileID: -8679921383154817045, guid: 5132338c6f41bc548a67f450aa4d0c56,
        type: 3}
      propertyPath: m_RootOrder
      value: 10
      objectReference: {fileID: 0}
    - target: {fileID: -8679921383154817045, guid: 5132338c6f41bc548a67f450aa4d0c56,
        type: 3}
      propertyPath: m_LocalEulerAnglesHint.x
      value: -90.00001
      objectReference: {fileID: 0}
    - target: {fileID: -8679921383154817045, guid: 5132338c6f41bc548a67f450aa4d0c56,
        type: 3}
      propertyPath: m_LocalEulerAnglesHint.y
      value: 0
      objectReference: {fileID: 0}
    - target: {fileID: -8679921383154817045, guid: 5132338c6f41bc548a67f450aa4d0c56,
        type: 3}
      propertyPath: m_LocalEulerAnglesHint.z
      value: -14.778001
      objectReference: {fileID: 0}
    - target: {fileID: -8679921383154817045, guid: 5132338c6f41bc548a67f450aa4d0c56,
        type: 3}
      propertyPath: m_LocalScale.x
      value: 0.81586
      objectReference: {fileID: 0}
    - target: {fileID: -8679921383154817045, guid: 5132338c6f41bc548a67f450aa4d0c56,
        type: 3}
      propertyPath: m_LocalScale.y
      value: 0.81586
      objectReference: {fileID: 0}
    - target: {fileID: -8679921383154817045, guid: 5132338c6f41bc548a67f450aa4d0c56,
        type: 3}
      propertyPath: m_LocalScale.z
      value: 0.81586
      objectReference: {fileID: 0}
    - target: {fileID: 919132149155446097, guid: 5132338c6f41bc548a67f450aa4d0c56,
        type: 3}
      propertyPath: m_Name
      value: Wood_Plank_02
      objectReference: {fileID: 0}
    m_RemovedComponents: []
  m_SourcePrefab: {fileID: 100100000, guid: 5132338c6f41bc548a67f450aa4d0c56, type: 3}
--- !u!4 &5736489447302743229 stripped
Transform:
  m_CorrespondingSourceObject: {fileID: -8679921383154817045, guid: 5132338c6f41bc548a67f450aa4d0c56,
    type: 3}
  m_PrefabInstance: {fileID: 5194519261673726806}
  m_PrefabAsset: {fileID: 0}
--- !u!1001 &5194519261848360687
PrefabInstance:
  m_ObjectHideFlags: 0
  serializedVersion: 2
  m_Modification:
    m_TransformParent: {fileID: 5194519262535165716}
    m_Modifications:
    - target: {fileID: -8679921383154817045, guid: deed7bec0ed1a6343b7d9f338560ca04,
        type: 3}
      propertyPath: m_LocalPosition.x
      value: 0.49199998
      objectReference: {fileID: 0}
    - target: {fileID: -8679921383154817045, guid: deed7bec0ed1a6343b7d9f338560ca04,
        type: 3}
      propertyPath: m_LocalPosition.y
      value: -0.015999973
      objectReference: {fileID: 0}
    - target: {fileID: -8679921383154817045, guid: deed7bec0ed1a6343b7d9f338560ca04,
        type: 3}
      propertyPath: m_LocalPosition.z
      value: -0.010000229
      objectReference: {fileID: 0}
    - target: {fileID: -8679921383154817045, guid: deed7bec0ed1a6343b7d9f338560ca04,
        type: 3}
      propertyPath: m_LocalRotation.x
      value: -0.48400408
      objectReference: {fileID: 0}
    - target: {fileID: -8679921383154817045, guid: deed7bec0ed1a6343b7d9f338560ca04,
        type: 3}
      propertyPath: m_LocalRotation.y
      value: -0.5154999
      objectReference: {fileID: 0}
    - target: {fileID: -8679921383154817045, guid: deed7bec0ed1a6343b7d9f338560ca04,
        type: 3}
      propertyPath: m_LocalRotation.z
      value: -0.51549983
      objectReference: {fileID: 0}
    - target: {fileID: -8679921383154817045, guid: deed7bec0ed1a6343b7d9f338560ca04,
        type: 3}
      propertyPath: m_LocalRotation.w
      value: 0.4840041
      objectReference: {fileID: 0}
    - target: {fileID: -8679921383154817045, guid: deed7bec0ed1a6343b7d9f338560ca04,
        type: 3}
      propertyPath: m_RootOrder
      value: 9
      objectReference: {fileID: 0}
    - target: {fileID: -8679921383154817045, guid: deed7bec0ed1a6343b7d9f338560ca04,
        type: 3}
      propertyPath: m_LocalEulerAnglesHint.x
      value: -90.00001
      objectReference: {fileID: 0}
    - target: {fileID: -8679921383154817045, guid: deed7bec0ed1a6343b7d9f338560ca04,
        type: 3}
      propertyPath: m_LocalEulerAnglesHint.y
      value: 0
      objectReference: {fileID: 0}
    - target: {fileID: -8679921383154817045, guid: deed7bec0ed1a6343b7d9f338560ca04,
        type: 3}
      propertyPath: m_LocalEulerAnglesHint.z
      value: -93.61001
      objectReference: {fileID: 0}
    - target: {fileID: -8679921383154817045, guid: deed7bec0ed1a6343b7d9f338560ca04,
        type: 3}
      propertyPath: m_LocalScale.x
      value: 2.1007996
      objectReference: {fileID: 0}
    - target: {fileID: -8679921383154817045, guid: deed7bec0ed1a6343b7d9f338560ca04,
        type: 3}
      propertyPath: m_LocalScale.y
      value: 1.1929303
      objectReference: {fileID: 0}
    - target: {fileID: -8679921383154817045, guid: deed7bec0ed1a6343b7d9f338560ca04,
        type: 3}
      propertyPath: m_LocalScale.z
      value: 1
      objectReference: {fileID: 0}
    - target: {fileID: 919132149155446097, guid: deed7bec0ed1a6343b7d9f338560ca04,
        type: 3}
      propertyPath: m_Name
      value: Wood_Plank_01
      objectReference: {fileID: 0}
    m_RemovedComponents: []
  m_SourcePrefab: {fileID: 100100000, guid: deed7bec0ed1a6343b7d9f338560ca04, type: 3}
--- !u!4 &5736489447161606404 stripped
Transform:
  m_CorrespondingSourceObject: {fileID: -8679921383154817045, guid: deed7bec0ed1a6343b7d9f338560ca04,
    type: 3}
  m_PrefabInstance: {fileID: 5194519261848360687}
  m_PrefabAsset: {fileID: 0}
--- !u!1001 &5194519262083904034
PrefabInstance:
  m_ObjectHideFlags: 0
  serializedVersion: 2
  m_Modification:
    m_TransformParent: {fileID: 5194519262535165716}
    m_Modifications:
    - target: {fileID: -8679921383154817045, guid: 5132338c6f41bc548a67f450aa4d0c56,
        type: 3}
      propertyPath: m_LocalPosition.x
      value: 0.06699991
      objectReference: {fileID: 0}
    - target: {fileID: -8679921383154817045, guid: 5132338c6f41bc548a67f450aa4d0c56,
        type: 3}
      propertyPath: m_LocalPosition.y
      value: 0.032999992
      objectReference: {fileID: 0}
    - target: {fileID: -8679921383154817045, guid: 5132338c6f41bc548a67f450aa4d0c56,
        type: 3}
      propertyPath: m_LocalPosition.z
      value: 0.29300022
      objectReference: {fileID: 0}
    - target: {fileID: -8679921383154817045, guid: 5132338c6f41bc548a67f450aa4d0c56,
        type: 3}
      propertyPath: m_LocalRotation.x
      value: -0.7048514
      objectReference: {fileID: 0}
    - target: {fileID: -8679921383154817045, guid: 5132338c6f41bc548a67f450aa4d0c56,
        type: 3}
      propertyPath: m_LocalRotation.y
      value: 0.056428783
      objectReference: {fileID: 0}
    - target: {fileID: -8679921383154817045, guid: 5132338c6f41bc548a67f450aa4d0c56,
        type: 3}
      propertyPath: m_LocalRotation.z
      value: 0.056428786
      objectReference: {fileID: 0}
    - target: {fileID: -8679921383154817045, guid: 5132338c6f41bc548a67f450aa4d0c56,
        type: 3}
      propertyPath: m_LocalRotation.w
      value: 0.70485187
      objectReference: {fileID: 0}
    - target: {fileID: -8679921383154817045, guid: 5132338c6f41bc548a67f450aa4d0c56,
        type: 3}
      propertyPath: m_RootOrder
      value: 4
      objectReference: {fileID: 0}
    - target: {fileID: -8679921383154817045, guid: 5132338c6f41bc548a67f450aa4d0c56,
        type: 3}
      propertyPath: m_LocalEulerAnglesHint.x
      value: -90.00001
      objectReference: {fileID: 0}
    - target: {fileID: -8679921383154817045, guid: 5132338c6f41bc548a67f450aa4d0c56,
        type: 3}
      propertyPath: m_LocalEulerAnglesHint.y
      value: 0
      objectReference: {fileID: 0}
    - target: {fileID: -8679921383154817045, guid: 5132338c6f41bc548a67f450aa4d0c56,
        type: 3}
      propertyPath: m_LocalEulerAnglesHint.z
      value: 9.154
      objectReference: {fileID: 0}
    - target: {fileID: -8679921383154817045, guid: 5132338c6f41bc548a67f450aa4d0c56,
        type: 3}
      propertyPath: m_LocalScale.x
      value: 0.81586003
      objectReference: {fileID: 0}
    - target: {fileID: -8679921383154817045, guid: 5132338c6f41bc548a67f450aa4d0c56,
        type: 3}
      propertyPath: m_LocalScale.y
      value: 0.8158599
      objectReference: {fileID: 0}
    - target: {fileID: -8679921383154817045, guid: 5132338c6f41bc548a67f450aa4d0c56,
        type: 3}
      propertyPath: m_LocalScale.z
      value: 0.81586003
      objectReference: {fileID: 0}
    - target: {fileID: 919132149155446097, guid: 5132338c6f41bc548a67f450aa4d0c56,
        type: 3}
      propertyPath: m_Name
      value: Wood_Plank_02 (3)
      objectReference: {fileID: 0}
    m_RemovedComponents: []
  m_SourcePrefab: {fileID: 100100000, guid: 5132338c6f41bc548a67f450aa4d0c56, type: 3}
--- !u!4 &5736489446926325193 stripped
Transform:
  m_CorrespondingSourceObject: {fileID: -8679921383154817045, guid: 5132338c6f41bc548a67f450aa4d0c56,
    type: 3}
  m_PrefabInstance: {fileID: 5194519262083904034}
  m_PrefabAsset: {fileID: 0}
--- !u!1001 &5194519262654389816
PrefabInstance:
  m_ObjectHideFlags: 0
  serializedVersion: 2
  m_Modification:
    m_TransformParent: {fileID: 5194519262535165716}
    m_Modifications:
    - target: {fileID: -8679921383154817045, guid: 5132338c6f41bc548a67f450aa4d0c56,
        type: 3}
      propertyPath: m_LocalPosition.x
      value: 0.024999976
      objectReference: {fileID: 0}
    - target: {fileID: -8679921383154817045, guid: 5132338c6f41bc548a67f450aa4d0c56,
        type: 3}
      propertyPath: m_LocalPosition.y
      value: 0.032999992
      objectReference: {fileID: 0}
    - target: {fileID: -8679921383154817045, guid: 5132338c6f41bc548a67f450aa4d0c56,
        type: 3}
      propertyPath: m_LocalPosition.z
      value: 3.1569996
      objectReference: {fileID: 0}
    - target: {fileID: -8679921383154817045, guid: 5132338c6f41bc548a67f450aa4d0c56,
        type: 3}
      propertyPath: m_LocalRotation.x
      value: -0.7070598
      objectReference: {fileID: 0}
    - target: {fileID: -8679921383154817045, guid: 5132338c6f41bc548a67f450aa4d0c56,
        type: 3}
      propertyPath: m_LocalRotation.y
      value: -0.008137162
      objectReference: {fileID: 0}
    - target: {fileID: -8679921383154817045, guid: 5132338c6f41bc548a67f450aa4d0c56,
        type: 3}
      propertyPath: m_LocalRotation.z
      value: -0.008137138
      objectReference: {fileID: 0}
    - target: {fileID: -8679921383154817045, guid: 5132338c6f41bc548a67f450aa4d0c56,
        type: 3}
      propertyPath: m_LocalRotation.w
      value: 0.70706016
      objectReference: {fileID: 0}
    - target: {fileID: -8679921383154817045, guid: 5132338c6f41bc548a67f450aa4d0c56,
        type: 3}
      propertyPath: m_RootOrder
      value: 7
      objectReference: {fileID: 0}
    - target: {fileID: -8679921383154817045, guid: 5132338c6f41bc548a67f450aa4d0c56,
        type: 3}
      propertyPath: m_LocalEulerAnglesHint.x
      value: -90.00001
      objectReference: {fileID: 0}
    - target: {fileID: -8679921383154817045, guid: 5132338c6f41bc548a67f450aa4d0c56,
        type: 3}
      propertyPath: m_LocalEulerAnglesHint.y
      value: 0
      objectReference: {fileID: 0}
    - target: {fileID: -8679921383154817045, guid: 5132338c6f41bc548a67f450aa4d0c56,
        type: 3}
      propertyPath: m_LocalEulerAnglesHint.z
      value: -1.319
      objectReference: {fileID: 0}
    - target: {fileID: -8679921383154817045, guid: 5132338c6f41bc548a67f450aa4d0c56,
        type: 3}
      propertyPath: m_LocalScale.x
      value: 0.81586003
      objectReference: {fileID: 0}
    - target: {fileID: -8679921383154817045, guid: 5132338c6f41bc548a67f450aa4d0c56,
        type: 3}
      propertyPath: m_LocalScale.y
      value: 0.81586003
      objectReference: {fileID: 0}
    - target: {fileID: -8679921383154817045, guid: 5132338c6f41bc548a67f450aa4d0c56,
        type: 3}
      propertyPath: m_LocalScale.z
      value: 0.81586
      objectReference: {fileID: 0}
    - target: {fileID: 919132149155446097, guid: 5132338c6f41bc548a67f450aa4d0c56,
        type: 3}
      propertyPath: m_Name
      value: Wood_Plank_02 (6)
      objectReference: {fileID: 0}
    m_RemovedComponents: []
  m_SourcePrefab: {fileID: 100100000, guid: 5132338c6f41bc548a67f450aa4d0c56, type: 3}
--- !u!4 &5736489446355581395 stripped
Transform:
  m_CorrespondingSourceObject: {fileID: -8679921383154817045, guid: 5132338c6f41bc548a67f450aa4d0c56,
    type: 3}
  m_PrefabInstance: {fileID: 5194519262654389816}
  m_PrefabAsset: {fileID: 0}
--- !u!1001 &5194519262707729782
PrefabInstance:
  m_ObjectHideFlags: 0
  serializedVersion: 2
  m_Modification:
    m_TransformParent: {fileID: 5194519262535165716}
    m_Modifications:
    - target: {fileID: -8679921383154817045, guid: 5132338c6f41bc548a67f450aa4d0c56,
        type: 3}
      propertyPath: m_LocalPosition.x
      value: -0.037999988
      objectReference: {fileID: 0}
    - target: {fileID: -8679921383154817045, guid: 5132338c6f41bc548a67f450aa4d0c56,
        type: 3}
      propertyPath: m_LocalPosition.y
      value: 0.052999973
      objectReference: {fileID: 0}
    - target: {fileID: -8679921383154817045, guid: 5132338c6f41bc548a67f450aa4d0c56,
        type: 3}
      propertyPath: m_LocalPosition.z
      value: 2.8979998
      objectReference: {fileID: 0}
    - target: {fileID: -8679921383154817045, guid: 5132338c6f41bc548a67f450aa4d0c56,
        type: 3}
      propertyPath: m_LocalRotation.x
      value: -0.70095354
      objectReference: {fileID: 0}
    - target: {fileID: -8679921383154817045, guid: 5132338c6f41bc548a67f450aa4d0c56,
        type: 3}
      propertyPath: m_LocalRotation.y
      value: 0.09308078
      objectReference: {fileID: 0}
    - target: {fileID: -8679921383154817045, guid: 5132338c6f41bc548a67f450aa4d0c56,
        type: 3}
      propertyPath: m_LocalRotation.z
      value: 0.06502566
      objectReference: {fileID: 0}
    - target: {fileID: -8679921383154817045, guid: 5132338c6f41bc548a67f450aa4d0c56,
        type: 3}
      propertyPath: m_LocalRotation.w
      value: 0.7041107
      objectReference: {fileID: 0}
    - target: {fileID: -8679921383154817045, guid: 5132338c6f41bc548a67f450aa4d0c56,
        type: 3}
      propertyPath: m_RootOrder
      value: 6
      objectReference: {fileID: 0}
    - target: {fileID: -8679921383154817045, guid: 5132338c6f41bc548a67f450aa4d0c56,
        type: 3}
      propertyPath: m_LocalEulerAnglesHint.x
      value: -87.712006
      objectReference: {fileID: 0}
    - target: {fileID: -8679921383154817045, guid: 5132338c6f41bc548a67f450aa4d0c56,
        type: 3}
      propertyPath: m_LocalEulerAnglesHint.y
      value: 90.00001
      objectReference: {fileID: 0}
    - target: {fileID: -8679921383154817045, guid: 5132338c6f41bc548a67f450aa4d0c56,
        type: 3}
      propertyPath: m_LocalEulerAnglesHint.z
      value: -77.159004
      objectReference: {fileID: 0}
    - target: {fileID: -8679921383154817045, guid: 5132338c6f41bc548a67f450aa4d0c56,
        type: 3}
      propertyPath: m_LocalScale.x
      value: 0.73109204
      objectReference: {fileID: 0}
    - target: {fileID: -8679921383154817045, guid: 5132338c6f41bc548a67f450aa4d0c56,
        type: 3}
      propertyPath: m_LocalScale.y
      value: 0.8158599
      objectReference: {fileID: 0}
    - target: {fileID: -8679921383154817045, guid: 5132338c6f41bc548a67f450aa4d0c56,
        type: 3}
      propertyPath: m_LocalScale.z
      value: 0.8158599
      objectReference: {fileID: 0}
    - target: {fileID: 919132149155446097, guid: 5132338c6f41bc548a67f450aa4d0c56,
        type: 3}
      propertyPath: m_Name
      value: Wood_Plank_02 (5)
      objectReference: {fileID: 0}
    m_RemovedComponents: []
  m_SourcePrefab: {fileID: 100100000, guid: 5132338c6f41bc548a67f450aa4d0c56, type: 3}
--- !u!4 &5736489446260548253 stripped
Transform:
  m_CorrespondingSourceObject: {fileID: -8679921383154817045, guid: 5132338c6f41bc548a67f450aa4d0c56,
    type: 3}
  m_PrefabInstance: {fileID: 5194519262707729782}
  m_PrefabAsset: {fileID: 0}
--- !u!1001 &5194519262714067088
PrefabInstance:
  m_ObjectHideFlags: 0
  serializedVersion: 2
  m_Modification:
    m_TransformParent: {fileID: 5194519262535165716}
    m_Modifications:
    - target: {fileID: -8679921383154817045, guid: 5132338c6f41bc548a67f450aa4d0c56,
        type: 3}
      propertyPath: m_LocalPosition.x
      value: 0.024999976
      objectReference: {fileID: 0}
    - target: {fileID: -8679921383154817045, guid: 5132338c6f41bc548a67f450aa4d0c56,
        type: 3}
      propertyPath: m_LocalPosition.y
      value: 0.032999992
      objectReference: {fileID: 0}
    - target: {fileID: -8679921383154817045, guid: 5132338c6f41bc548a67f450aa4d0c56,
        type: 3}
      propertyPath: m_LocalPosition.z
      value: 2.8199997
      objectReference: {fileID: 0}
    - target: {fileID: -8679921383154817045, guid: 5132338c6f41bc548a67f450aa4d0c56,
        type: 3}
      propertyPath: m_LocalRotation.x
      value: -0.70354015
      objectReference: {fileID: 0}
    - target: {fileID: -8679921383154817045, guid: 5132338c6f41bc548a67f450aa4d0c56,
        type: 3}
      propertyPath: m_LocalRotation.y
      value: -0.0709283
      objectReference: {fileID: 0}
    - target: {fileID: -8679921383154817045, guid: 5132338c6f41bc548a67f450aa4d0c56,
        type: 3}
      propertyPath: m_LocalRotation.z
      value: -0.070928216
      objectReference: {fileID: 0}
    - target: {fileID: -8679921383154817045, guid: 5132338c6f41bc548a67f450aa4d0c56,
        type: 3}
      propertyPath: m_LocalRotation.w
      value: 0.7035408
      objectReference: {fileID: 0}
    - target: {fileID: -8679921383154817045, guid: 5132338c6f41bc548a67f450aa4d0c56,
        type: 3}
      propertyPath: m_RootOrder
      value: 8
      objectReference: {fileID: 0}
    - target: {fileID: -8679921383154817045, guid: 5132338c6f41bc548a67f450aa4d0c56,
        type: 3}
      propertyPath: m_LocalEulerAnglesHint.x
      value: -90.00001
      objectReference: {fileID: 0}
    - target: {fileID: -8679921383154817045, guid: 5132338c6f41bc548a67f450aa4d0c56,
        type: 3}
      propertyPath: m_LocalEulerAnglesHint.y
      value: 0
      objectReference: {fileID: 0}
    - target: {fileID: -8679921383154817045, guid: 5132338c6f41bc548a67f450aa4d0c56,
        type: 3}
      propertyPath: m_LocalEulerAnglesHint.z
      value: -11.514001
      objectReference: {fileID: 0}
    - target: {fileID: -8679921383154817045, guid: 5132338c6f41bc548a67f450aa4d0c56,
        type: 3}
      propertyPath: m_LocalScale.x
      value: 0.7306352
      objectReference: {fileID: 0}
    - target: {fileID: -8679921383154817045, guid: 5132338c6f41bc548a67f450aa4d0c56,
        type: 3}
      propertyPath: m_LocalScale.y
      value: 0.81586003
      objectReference: {fileID: 0}
    - target: {fileID: -8679921383154817045, guid: 5132338c6f41bc548a67f450aa4d0c56,
        type: 3}
      propertyPath: m_LocalScale.z
      value: 0.81586
      objectReference: {fileID: 0}
    - target: {fileID: 919132149155446097, guid: 5132338c6f41bc548a67f450aa4d0c56,
        type: 3}
      propertyPath: m_Name
      value: Wood_Plank_02 (7)
      objectReference: {fileID: 0}
    m_RemovedComponents: []
  m_SourcePrefab: {fileID: 100100000, guid: 5132338c6f41bc548a67f450aa4d0c56, type: 3}
--- !u!4 &5736489446262677371 stripped
Transform:
  m_CorrespondingSourceObject: {fileID: -8679921383154817045, guid: 5132338c6f41bc548a67f450aa4d0c56,
    type: 3}
  m_PrefabInstance: {fileID: 5194519262714067088}
  m_PrefabAsset: {fileID: 0}
--- !u!1001 &5194519262844718220
PrefabInstance:
  m_ObjectHideFlags: 0
  serializedVersion: 2
  m_Modification:
    m_TransformParent: {fileID: 5194519262535165716}
    m_Modifications:
    - target: {fileID: -8679921383154817045, guid: 5132338c6f41bc548a67f450aa4d0c56,
        type: 3}
      propertyPath: m_LocalPosition.x
      value: 0.004999995
      objectReference: {fileID: 0}
    - target: {fileID: -8679921383154817045, guid: 5132338c6f41bc548a67f450aa4d0c56,
        type: 3}
      propertyPath: m_LocalPosition.y
      value: 0.050000012
      objectReference: {fileID: 0}
    - target: {fileID: -8679921383154817045, guid: 5132338c6f41bc548a67f450aa4d0c56,
        type: 3}
      propertyPath: m_LocalPosition.z
      value: 0.6750002
      objectReference: {fileID: 0}
    - target: {fileID: -8679921383154817045, guid: 5132338c6f41bc548a67f450aa4d0c56,
        type: 3}
      propertyPath: m_LocalRotation.x
      value: -0.69663686
      objectReference: {fileID: 0}
    - target: {fileID: -8679921383154817045, guid: 5132338c6f41bc548a67f450aa4d0c56,
        type: 3}
      propertyPath: m_LocalRotation.y
      value: -0.121231034
      objectReference: {fileID: 0}
    - target: {fileID: -8679921383154817045, guid: 5132338c6f41bc548a67f450aa4d0c56,
        type: 3}
      propertyPath: m_LocalRotation.z
      value: -0.16629735
      objectReference: {fileID: 0}
    - target: {fileID: -8679921383154817045, guid: 5132338c6f41bc548a67f450aa4d0c56,
        type: 3}
      propertyPath: m_LocalRotation.w
      value: 0.6872739
      objectReference: {fileID: 0}
    - target: {fileID: -8679921383154817045, guid: 5132338c6f41bc548a67f450aa4d0c56,
        type: 3}
      propertyPath: m_RootOrder
      value: 5
      objectReference: {fileID: 0}
    - target: {fileID: -8679921383154817045, guid: 5132338c6f41bc548a67f450aa4d0c56,
        type: 3}
      propertyPath: m_LocalEulerAnglesHint.x
      value: -86.270004
      objectReference: {fileID: 0}
    - target: {fileID: -8679921383154817045, guid: 5132338c6f41bc548a67f450aa4d0c56,
        type: 3}
      propertyPath: m_LocalEulerAnglesHint.y
      value: 90.00001
      objectReference: {fileID: 0}
    - target: {fileID: -8679921383154817045, guid: 5132338c6f41bc548a67f450aa4d0c56,
        type: 3}
      propertyPath: m_LocalEulerAnglesHint.z
      value: -113.47401
      objectReference: {fileID: 0}
    - target: {fileID: -8679921383154817045, guid: 5132338c6f41bc548a67f450aa4d0c56,
        type: 3}
      propertyPath: m_LocalScale.x
      value: 0.8158601
      objectReference: {fileID: 0}
    - target: {fileID: -8679921383154817045, guid: 5132338c6f41bc548a67f450aa4d0c56,
        type: 3}
      propertyPath: m_LocalScale.y
      value: 0.81586
      objectReference: {fileID: 0}
    - target: {fileID: -8679921383154817045, guid: 5132338c6f41bc548a67f450aa4d0c56,
        type: 3}
      propertyPath: m_LocalScale.z
      value: 0.81586
      objectReference: {fileID: 0}
    - target: {fileID: 919132149155446097, guid: 5132338c6f41bc548a67f450aa4d0c56,
        type: 3}
      propertyPath: m_Name
      value: Wood_Plank_02 (4)
      objectReference: {fileID: 0}
    m_RemovedComponents: []
  m_SourcePrefab: {fileID: 100100000, guid: 5132338c6f41bc548a67f450aa4d0c56, type: 3}
--- !u!4 &5736489446131755879 stripped
Transform:
  m_CorrespondingSourceObject: {fileID: -8679921383154817045, guid: 5132338c6f41bc548a67f450aa4d0c56,
    type: 3}
  m_PrefabInstance: {fileID: 5194519262844718220}
  m_PrefabAsset: {fileID: 0}
--- !u!1001 &5194519262909570366
PrefabInstance:
  m_ObjectHideFlags: 0
  serializedVersion: 2
  m_Modification:
    m_TransformParent: {fileID: 5194519262535165716}
    m_Modifications:
    - target: {fileID: -8679921383154817045, guid: 5132338c6f41bc548a67f450aa4d0c56,
        type: 3}
      propertyPath: m_LocalPosition.x
      value: 0.11399996
      objectReference: {fileID: 0}
    - target: {fileID: -8679921383154817045, guid: 5132338c6f41bc548a67f450aa4d0c56,
        type: 3}
      propertyPath: m_LocalPosition.y
      value: 0.032999992
      objectReference: {fileID: 0}
    - target: {fileID: -8679921383154817045, guid: 5132338c6f41bc548a67f450aa4d0c56,
        type: 3}
      propertyPath: m_LocalPosition.z
      value: -1.9380002
      objectReference: {fileID: 0}
    - target: {fileID: -8679921383154817045, guid: 5132338c6f41bc548a67f450aa4d0c56,
        type: 3}
      propertyPath: m_LocalRotation.x
      value: -0.7067907
      objectReference: {fileID: 0}
    - target: {fileID: -8679921383154817045, guid: 5132338c6f41bc548a67f450aa4d0c56,
        type: 3}
      propertyPath: m_LocalRotation.y
      value: -0.021138694
      objectReference: {fileID: 0}
    - target: {fileID: -8679921383154817045, guid: 5132338c6f41bc548a67f450aa4d0c56,
        type: 3}
      propertyPath: m_LocalRotation.z
      value: -0.021138657
      objectReference: {fileID: 0}
    - target: {fileID: -8679921383154817045, guid: 5132338c6f41bc548a67f450aa4d0c56,
        type: 3}
      propertyPath: m_LocalRotation.w
      value: 0.70679086
      objectReference: {fileID: 0}
    - target: {fileID: -8679921383154817045, guid: 5132338c6f41bc548a67f450aa4d0c56,
        type: 3}
      propertyPath: m_RootOrder
      value: 2
      objectReference: {fileID: 0}
    - target: {fileID: -8679921383154817045, guid: 5132338c6f41bc548a67f450aa4d0c56,
        type: 3}
      propertyPath: m_LocalEulerAnglesHint.x
      value: -90.00001
      objectReference: {fileID: 0}
    - target: {fileID: -8679921383154817045, guid: 5132338c6f41bc548a67f450aa4d0c56,
        type: 3}
      propertyPath: m_LocalEulerAnglesHint.y
      value: 0
      objectReference: {fileID: 0}
    - target: {fileID: -8679921383154817045, guid: 5132338c6f41bc548a67f450aa4d0c56,
        type: 3}
      propertyPath: m_LocalEulerAnglesHint.z
      value: -3.426
      objectReference: {fileID: 0}
    - target: {fileID: -8679921383154817045, guid: 5132338c6f41bc548a67f450aa4d0c56,
        type: 3}
      propertyPath: m_LocalScale.x
      value: 0.81586003
      objectReference: {fileID: 0}
    - target: {fileID: -8679921383154817045, guid: 5132338c6f41bc548a67f450aa4d0c56,
        type: 3}
      propertyPath: m_LocalScale.y
      value: 0.81586
      objectReference: {fileID: 0}
    - target: {fileID: -8679921383154817045, guid: 5132338c6f41bc548a67f450aa4d0c56,
        type: 3}
      propertyPath: m_LocalScale.z
      value: 0.81586003
      objectReference: {fileID: 0}
    - target: {fileID: 919132149155446097, guid: 5132338c6f41bc548a67f450aa4d0c56,
        type: 3}
      propertyPath: m_Name
      value: Wood_Plank_02 (1)
      objectReference: {fileID: 0}
    m_RemovedComponents: []
  m_SourcePrefab: {fileID: 100100000, guid: 5132338c6f41bc548a67f450aa4d0c56, type: 3}
--- !u!4 &5736489446058719957 stripped
Transform:
  m_CorrespondingSourceObject: {fileID: -8679921383154817045, guid: 5132338c6f41bc548a67f450aa4d0c56,
    type: 3}
  m_PrefabInstance: {fileID: 5194519262909570366}
  m_PrefabAsset: {fileID: 0}
